<?xml version="1.0" encoding="UTF-8"?><collection xmlns="http://www.loc.gov/MARC21/slim"><record><leader>00426nam--2200133-i-4500</leader><controlfield tag="001">000044726</controlfield><controlfield tag="002">20161230</controlfield><controlfield tag="005">20161230201044</controlfield><controlfield tag="008">060222s1000------------r-----000-0-eng-d</controlfield><datafield ind1=" " ind2=" " tag="080"><subfield code="a">001.8</subfield></datafield><datafield ind1=" " ind2=" " tag="100"><subfield code="a">Timis, Liviu</subfield></datafield><datafield ind1=" " ind2=" " tag="245"><subfield code="a">Tendinte in conducerea activitatii de cercetare si proiectare. orientari, realizari, tendinte in cercetarea stiintifica si ingineria tehnologica</subfield></datafield><datafield ind1=" " ind2=" " tag="260"><subfield code="a">Bucuresti, Inid, 1984, 92p</subfield></datafield><datafield ind1=" " ind2=" " tag="852"><subfield code="a">72075</subfield></datafield></record></collection>